<?xml version = "1.0" encoding = "UTF-8"?><record>
  <leader>02009nam#a2200457#cb4500</leader>
  <controlfield tag="005">20210409085941.0</controlfield>
  <controlfield tag="007">tu</controlfield>
  <controlfield tag="008">140610|2014####gw############|||#|#ger#c</controlfield>
  <controlfield tag="003">DE-605</controlfield>
  <controlfield tag="001">990204186300206441</controlfield>
  <datafield tag="015" ind1=" " ind2=" ">
    <subfield code="a">14,N23</subfield>
    <subfield code="2">dnb</subfield>
  </datafield>
  <datafield tag="016" ind1="7" ind2=" ">
    <subfield code="a">1075632858</subfield>
    <subfield code="2">OCoLC</subfield>
  </datafield>
  <datafield tag="016" ind1="7" ind2=" ">
    <subfield code="a">1051451574</subfield>
    <subfield code="2">DE-101b</subfield>
  </datafield>
  <datafield tag="020" ind1=" " ind2=" ">
    <subfield code="a">9783954513673</subfield>
    <subfield code="c">Gb. : EUR 34.95 (DE), EUR 35.40 (AT), sfr 46.90 (freier Pr.)</subfield>
    <subfield code="9">978-3-95451-367-3</subfield>
    <subfield code="0">(uri) http://www.isbnsearch.org/isbn/9783954513673</subfield>
  </datafield>
  <datafield tag="035" ind1=" " ind2=" ">
    <subfield code="a">(DE-605)HT018290299</subfield>
  </datafield>
  <datafield tag="040" ind1=" " ind2=" ">
    <subfield code="a">6</subfield>
    <subfield code="b">ger</subfield>
    <subfield code="c">DNB</subfield>
    <subfield code="d">38</subfield>
    <subfield code="e">rakddb</subfield>
  </datafield>
  <datafield tag="041" ind1=" " ind2=" ">
    <subfield code="a">ger</subfield>
  </datafield>
  <datafield tag="044" ind1=" " ind2=" ">
    <subfield code="c">XA-DE-NW</subfield>
  </datafield>
  <datafield tag="084" ind1=" " ind2=" ">
    <subfield code="a">943</subfield>
    <subfield code="q">DE-101</subfield>
    <subfield code="2">sdnb</subfield>
  </datafield>
  <datafield tag="084" ind1=" " ind2=" ">
    <subfield code="a">K&#246;ln</subfield>
    <subfield code="0">https://nwbib.de/spatial#Q365</subfield>
    <subfield code="2">nwbib</subfield>
    <subfield code="0">(uri) https://portal.dnb.de/opac.htm?method=simpleSearch&amp;cqlMode=true&amp;query=idn=040314839</subfield>
    <subfield code="0">(uri) http://viaf.org/viaf/sourceID/DNB|040314839</subfield>
  </datafield>
  <datafield tag="084" ind1=" " ind2=" ">
    <subfield code="a">Geschichte</subfield>
    <subfield code="0">https://nwbib.de/subjects#N240000</subfield>
    <subfield code="2">nwbib</subfield>
  </datafield>
  <datafield tag="245" ind1="0" ind2="0">
    <subfield code="a">&quot;Uns verschleppten sie nach K&#246;ln ...&quot;</subfield>
    <subfield code="b">Ausz&#252;ge aus 500 Interviews mit ehemaligen Zwangsarbeiterinnen und Zwangsarbeitern</subfield>
    <subfield code="c">Angelika Lehndorff-Felsko</subfield>
  </datafield>
  <datafield tag="264" ind1=" " ind2="1">
    <subfield code="a">K&#246;ln</subfield>
    <subfield code="b">Emons</subfield>
    <subfield code="c">2014</subfield>
  </datafield>
  <datafield tag="300" ind1=" " ind2=" ">
    <subfield code="a">544 S. : Ill.</subfield>
  </datafield>
  <datafield tag="490" ind1="1" ind2=" ">
    <subfield code="a">Schriftenreihe des NS-Dokumentationszentrums der Stadt K&#246;ln</subfield>
    <subfield code="v">19</subfield>
  </datafield>
  <datafield tag="490" ind1="1" ind2=" ">
    <subfield code="a">Biografien &amp; Materialien / NSDOK; NS-Dokumentationszentrum der Stadt K&#246;ln; 2</subfield>
    <subfield code="v">2</subfield>
  </datafield>
  <datafield tag="689" ind1="0" ind2="0">
    <subfield code="a">K&#246;ln</subfield>
    <subfield code="D">g</subfield>
    <subfield code="0">(DE-588)4031483-2</subfield>
    <subfield code="0">(uri) https://portal.dnb.de/opac.htm?method=simpleSearch&amp;cqlMode=true&amp;query=idn=040314839</subfield>
    <subfield code="0">(uri) http://viaf.org/viaf/sourceID/DNB|040314839</subfield>
    <subfield code="B">GND-040314839</subfield>
  </datafield>
  <datafield tag="689" ind1="0" ind2="1">
    <subfield code="a">Zwangsarbeit</subfield>
    <subfield code="D">s</subfield>
    <subfield code="0">(DE-588)4139439-2</subfield>
    <subfield code="0">(uri) https://portal.dnb.de/opac.htm?method=simpleSearch&amp;cqlMode=true&amp;query=idn=041394399</subfield>
    <subfield code="0">(uri) http://viaf.org/viaf/sourceID/DNB|041394399</subfield>
    <subfield code="B">GND-041394399</subfield>
  </datafield>
  <datafield tag="689" ind1="0" ind2="2">
    <subfield code="a">Arbeitsbedingungen</subfield>
    <subfield code="D">s</subfield>
    <subfield code="0">(DE-588)4002641-3</subfield>
    <subfield code="0">(uri) https://portal.dnb.de/opac.htm?method=simpleSearch&amp;cqlMode=true&amp;query=idn=040026418</subfield>
    <subfield code="0">(uri) http://viaf.org/viaf/sourceID/DNB|040026418</subfield>
    <subfield code="B">GND-040026418</subfield>
  </datafield>
  <datafield tag="689" ind1="0" ind2="3">
    <subfield code="a">Geschichte</subfield>
    <subfield code="A">z</subfield>
  </datafield>
  <datafield tag="700" ind1="1" ind2=" ">
    <subfield code="a">Lehndorff-Felsko, Angelika</subfield>
    <subfield code="4">oth</subfield>
  </datafield>
  <datafield tag="830" ind1=" " ind2="0">
    <subfield code="a">Schriftenreihe des NS-Dokumentationszentrums der Stadt K&#246;ln</subfield>
    <subfield code="w">(DE-605)HT006514951</subfield>
    <subfield code="v">19</subfield>
    <subfield code="9">O:1</subfield>
  </datafield>
  <datafield tag="830" ind1=" " ind2="0">
    <subfield code="a">Biografien &amp; Materialien / NSDOK; NS-Dokumentationszentrum der Stadt K&#246;ln; 2</subfield>
    <subfield code="w">(DE-605)HT017500108</subfield>
    <subfield code="v">2</subfield>
    <subfield code="9">O:2</subfield>
  </datafield>
  <datafield tag="856" ind1="4" ind2="2">
    <subfield code="m">X:MVB</subfield>
    <subfield code="q">text/html</subfield>
    <subfield code="u">http://deposit.d-nb.de/cgi-bin/dokserv?id=4675728&amp;prov=M&amp;dok_var=1&amp;dok_ext=htm</subfield>
    <subfield code="3">Inhaltstext</subfield>
  </datafield>
  <datafield tag="856" ind1="4" ind2="2">
    <subfield code="m">B:DE-101</subfield>
    <subfield code="q">application/pdf</subfield>
    <subfield code="u">http://digitale-objekte.hbz-nrw.de/storage2/2015/06/06/file_12/6261756.pdf</subfield>
    <subfield code="3">Inhaltsverzeichnis</subfield>
    <subfield code="9">O:PKN</subfield>
  </datafield>
  <datafield tag="960" ind1="1" ind2=" ">
    <subfield code="n">NWBib-6</subfield>
  </datafield>
  <datafield tag="964" ind1="0" ind2="s">
    <subfield code="F">030</subfield>
    <subfield code="A">a||da||||||37</subfield>
  </datafield>
  <datafield tag="964" ind1="0" ind2="s">
    <subfield code="F">050</subfield>
    <subfield code="A">a|a|||||||||||</subfield>
  </datafield>
  <datafield tag="964" ind1="0" ind2="s">
    <subfield code="F">051</subfield>
    <subfield code="A">s|||||||</subfield>
  </datafield>
  <datafield tag="035" ind1=" " ind2=" ">
    <subfield code="a">(OCoLC)1075632858</subfield>
    <subfield code="0">(uri) http://www.worldcat.org/oclc/1075632858</subfield>
  </datafield>
  <datafield tag="035" ind1=" " ind2=" ">
    <subfield code="a">(DE-599)DNB1051451574</subfield>
  </datafield>
  <datafield tag="MBD" ind1=" " ind2=" ">
    <subfield code="M">49HBZ_NETWORK</subfield>
    <subfield code="i">990204186300206441</subfield>
    <subfield code="n">HBZ Network</subfield>
  </datafield>
  <datafield tag="MNG" ind1=" " ind2=" ">
    <subfield code="c">System</subfield>
    <subfield code="f">ILS</subfield>
    <subfield code="i">marc21</subfield>
    <subfield code="k">01</subfield>
    <subfield code="e">false</subfield>
    <subfield code="d">2021-04-09 08:59:41 Europe/Berlin</subfield>
    <subfield code="g">020418630-HBZ01</subfield>
    <subfield code="j">60</subfield>
    <subfield code="a">import</subfield>
    <subfield code="b">2021-04-05 09:37:27 Europe/Berlin</subfield>
  </datafield>
  <datafield tag="GST" ind1=" " ind2=" ">
    <subfield code="a">Arbeitssituation</subfield>
    <subfield code="A">GND</subfield>
    <subfield code="B">GND-040026418</subfield>
    <subfield code="C">450</subfield>
  </datafield>
  <datafield tag="GST" ind1=" " ind2=" ">
    <subfield code="a">Arbeit</subfield>
    <subfield code="x">Bedingung</subfield>
    <subfield code="A">GND</subfield>
    <subfield code="B">GND-040026418</subfield>
    <subfield code="C">450</subfield>
  </datafield>
  <datafield tag="GST" ind1=" " ind2=" ">
    <subfield code="a">Arbeitsbedingung</subfield>
    <subfield code="A">GND</subfield>
    <subfield code="B">GND-040026418</subfield>
    <subfield code="C">450</subfield>
  </datafield>
  <datafield tag="GSI" ind1="7" ind2=" ">
    <subfield code="a">4002641-3</subfield>
    <subfield code="0">http://d-nb.info/gnd/4002641-3</subfield>
    <subfield code="2">gnd</subfield>
    <subfield code="A">GND</subfield>
    <subfield code="B">GND-040026418</subfield>
    <subfield code="C">024</subfield>
  </datafield>
  <datafield tag="GSI" ind1="7" ind2=" ">
    <subfield code="a">http://d-nb.info/gnd/4139439-2</subfield>
    <subfield code="2">uri</subfield>
    <subfield code="A">GND</subfield>
    <subfield code="B">GND-041394399</subfield>
    <subfield code="C">024</subfield>
  </datafield>
  <datafield tag="GSI" ind1="7" ind2=" ">
    <subfield code="a">4031483-2</subfield>
    <subfield code="0">http://d-nb.info/gnd/4031483-2</subfield>
    <subfield code="2">gnd</subfield>
    <subfield code="A">GND</subfield>
    <subfield code="B">GND-040314839</subfield>
    <subfield code="C">024</subfield>
  </datafield>
  <datafield tag="GGN" ind1=" " ind2=" ">
    <subfield code="a">Keln</subfield>
    <subfield code="A">GND</subfield>
    <subfield code="B">GND-040314839</subfield>
    <subfield code="C">451</subfield>
  </datafield>
  <datafield tag="GGN" ind1=" " ind2=" ">
    <subfield code="a">Keulen</subfield>
    <subfield code="A">GND</subfield>
    <subfield code="B">GND-040314839</subfield>
    <subfield code="C">451</subfield>
  </datafield>
  <datafield tag="GGN" ind1=" " ind2=" ">
    <subfield code="a">C&#246;lln</subfield>
    <subfield code="g">K&#246;ln</subfield>
    <subfield code="A">GND</subfield>
    <subfield code="B">GND-040314839</subfield>
    <subfield code="C">451</subfield>
  </datafield>
  <datafield tag="GGN" ind1=" " ind2=" ">
    <subfield code="a">Gro&#223;-K&#246;ln</subfield>
    <subfield code="A">GND</subfield>
    <subfield code="B">GND-040314839</subfield>
    <subfield code="C">451</subfield>
  </datafield>
  <datafield tag="GGN" ind1=" " ind2=" ">
    <subfield code="a">K&#363;l&#363;niy&#257;</subfield>
    <subfield code="A">GND</subfield>
    <subfield code="B">GND-040314839</subfield>
    <subfield code="C">451</subfield>
  </datafield>
  <datafield tag="GGN" ind1=" " ind2=" ">
    <subfield code="a">Kerun</subfield>
    <subfield code="A">GND</subfield>
    <subfield code="B">GND-040314839</subfield>
    <subfield code="C">451</subfield>
  </datafield>
  <datafield tag="GGN" ind1=" " ind2=" ">
    <subfield code="a">Oppidum Ubiorum</subfield>
    <subfield code="A">GND</subfield>
    <subfield code="B">GND-040314839</subfield>
    <subfield code="C">451</subfield>
  </datafield>
  <datafield tag="GGN" ind1=" " ind2=" ">
    <subfield code="a">Ara Ubiorum</subfield>
    <subfield code="A">GND</subfield>
    <subfield code="B">GND-040314839</subfield>
    <subfield code="C">451</subfield>
  </datafield>
  <datafield tag="GGN" ind1=" " ind2=" ">
    <subfield code="a">Colonia Claudia Ara Agrippinensium</subfield>
    <subfield code="9">v:r&#246;m.</subfield>
    <subfield code="A">GND</subfield>
    <subfield code="B">GND-040314839</subfield>
    <subfield code="C">451</subfield>
  </datafield>
  <datafield tag="GGN" ind1=" " ind2=" ">
    <subfield code="a">CCAA</subfield>
    <subfield code="4">abku</subfield>
    <subfield code="4">https://d-nb.info/standards/elementset/gnd#abbreviatedNameForThePlaceOrGeographicName</subfield>
    <subfield code="w">r</subfield>
    <subfield code="i">Abkuerzung</subfield>
    <subfield code="9">v:r&#246;m.</subfield>
    <subfield code="A">GND</subfield>
    <subfield code="B">GND-040314839</subfield>
    <subfield code="C">451</subfield>
  </datafield>
  <datafield tag="GGN" ind1=" " ind2=" ">
    <subfield code="a">Colonia Agrippina</subfield>
    <subfield code="9">v:r&#246;m.</subfield>
    <subfield code="A">GND</subfield>
    <subfield code="B">GND-040314839</subfield>
    <subfield code="C">451</subfield>
  </datafield>
  <datafield tag="GGN" ind1=" " ind2=" ">
    <subfield code="a">Colonia Agrippinensis</subfield>
    <subfield code="9">v:r&#246;m.</subfield>
    <subfield code="A">GND</subfield>
    <subfield code="B">GND-040314839</subfield>
    <subfield code="C">451</subfield>
  </datafield>
  <datafield tag="GGN" ind1=" " ind2=" ">
    <subfield code="a">Colonia</subfield>
    <subfield code="g">K&#246;ln</subfield>
    <subfield code="A">GND</subfield>
    <subfield code="B">GND-040314839</subfield>
    <subfield code="C">451</subfield>
  </datafield>
  <datafield tag="GGN" ind1=" " ind2=" ">
    <subfield code="a">Colonia Ubiorum</subfield>
    <subfield code="A">GND</subfield>
    <subfield code="B">GND-040314839</subfield>
    <subfield code="C">451</subfield>
  </datafield>
  <datafield tag="GGN" ind1=" " ind2=" ">
    <subfield code="a">K&#246;lln am Rheine</subfield>
    <subfield code="A">GND</subfield>
    <subfield code="B">GND-040314839</subfield>
    <subfield code="C">451</subfield>
  </datafield>
  <datafield tag="GGN" ind1=" " ind2=" ">
    <subfield code="a">Stadt K&#246;ln</subfield>
    <subfield code="A">GND</subfield>
    <subfield code="B">GND-040314839</subfield>
    <subfield code="C">451</subfield>
  </datafield>
  <datafield tag="GGN" ind1=" " ind2=" ">
    <subfield code="a">C&#246;ln</subfield>
    <subfield code="A">GND</subfield>
    <subfield code="B">GND-040314839</subfield>
    <subfield code="C">451</subfield>
  </datafield>
  <datafield tag="GGN" ind1=" " ind2=" ">
    <subfield code="a">C&#246;llen</subfield>
    <subfield code="A">GND</subfield>
    <subfield code="B">GND-040314839</subfield>
    <subfield code="C">451</subfield>
  </datafield>
  <datafield tag="GGN" ind1=" " ind2=" ">
    <subfield code="a">Cologne</subfield>
    <subfield code="A">GND</subfield>
    <subfield code="B">GND-040314839</subfield>
    <subfield code="C">451</subfield>
  </datafield>
  <datafield tag="GGN" ind1=" " ind2=" ">
    <subfield code="a">Colonia ad Rhenum</subfield>
    <subfield code="A">GND</subfield>
    <subfield code="B">GND-040314839</subfield>
    <subfield code="C">451</subfield>
  </datafield>
  <datafield tag="GGN" ind1=" " ind2=" ">
    <subfield code="a">Hansestadt K&#246;ln</subfield>
    <subfield code="A">GND</subfield>
    <subfield code="B">GND-040314839</subfield>
    <subfield code="C">451</subfield>
  </datafield>
  <datafield tag="GGN" ind1=" " ind2=" ">
    <subfield code="a">Gross-K&#246;ln</subfield>
    <subfield code="A">GND</subfield>
    <subfield code="B">GND-040314839</subfield>
    <subfield code="C">451</subfield>
  </datafield>
  <datafield tag="GGN" ind1=" " ind2=" ">
    <subfield code="a">Colonia Agrippina</subfield>
    <subfield code="A">GND</subfield>
    <subfield code="B">GND-040314839</subfield>
    <subfield code="C">451</subfield>
  </datafield>
  <datafield tag="GGN" ind1=" " ind2=" ">
    <subfield code="a">Colonia Ubiorum</subfield>
    <subfield code="A">GND</subfield>
    <subfield code="B">GND-040314839</subfield>
    <subfield code="C">451</subfield>
  </datafield>
</record>